<?xml version="1.0" encoding="UTF-8"?><collection xmlns="http://www.loc.gov/MARC21/slim"><record><leader>00499nam--2200169-i-4500</leader><controlfield tag="001">000004532</controlfield><controlfield tag="002">20161230</controlfield><controlfield tag="005">20170110235624</controlfield><controlfield tag="008">060222s1000------------r-----000-0-eng-d</controlfield><datafield ind1=" " ind2=" " tag="100"><subfield code="a">Bettoni, M</subfield></datafield><datafield ind1=" " ind2=" " tag="245"><subfield code="a">Total ionization of -particles of po in mixtures of gases</subfield></datafield><datafield ind1=" " ind2=" " tag="260"><subfield code="a">Milano</subfield><subfield code="b">Inst. Di Fisica Sperimentale Del Polite Cnico</subfield><subfield code="c">1954</subfield></datafield><datafield ind1=" " ind2=" " tag="300"><subfield code="a">10 p. + 11 Fig</subfield></datafield><datafield ind1=" " ind2=" " tag="490"><subfield code="a">Estratto Da: Il Nuovo Cimento, 11-458/1954</subfield></datafield><datafield ind1=" " ind2=" " tag="700"><subfield code="a">Bisi, A</subfield></datafield><datafield ind1=" " ind2=" " tag="852"><subfield code="a">5986</subfield></datafield><datafield ind1=" " ind2=" " tag="CAT"><subfield code="a">SYS</subfield><subfield code="c">20170110</subfield><subfield code="h">235624</subfield></datafield></record></collection>